<record><leader>00000cas a22000007a 4500</leader><controlfield tag="001">13485707</controlfield><controlfield tag="008">860423d19051909nvuwr ne      0    0eng d</controlfield><datafield ind1=" " ind2=" " tag="010"><subfield code="a">sn 86091357 </subfield></datafield><datafield ind1=" " ind2=" " tag="040"><subfield code="a">UNP</subfield><subfield code="b">eng</subfield><subfield code="c">UNP</subfield><subfield code="d">NNX</subfield><subfield code="d">CNW</subfield><subfield code="d">OCLCQ</subfield></datafield><datafield ind1=" " ind2=" " tag="042"><subfield code="a">msc</subfield></datafield><datafield ind1=" " ind2=" " tag="043"><subfield code="a">n-us-nv</subfield></datafield><datafield ind1=" " ind2="4" tag="050"><subfield code="a">AN2.N3</subfield><subfield code="b">B84</subfield></datafield><datafield ind1="0" ind2=" " tag="130"><subfield code="a">Bullfrog miner (Bullfrog, Nev.)</subfield></datafield><datafield ind1="1" ind2="4" tag="245"><subfield code="a">The Bullfrog miner.</subfield></datafield><datafield ind1=" " ind2=" " tag="260"><subfield code="a">Bullfrog, Nye County, Nev. :</subfield><subfield code="b">Bullfrog Miner Print. Co.,</subfield><subfield code="c">1905-1909.</subfield></datafield><datafield ind1=" " ind2=" " tag="300"><subfield code="a">v.</subfield></datafield><datafield ind1=" " ind2=" " tag="310"><subfield code="a">Weekly</subfield></datafield><datafield ind1="0" ind2=" " tag="362"><subfield code="a">Vol. 1, no. 1 (Mar. 31, 1905)-v. 5, no. 27 (Sept. 25, 1909).</subfield></datafield><datafield ind1=" " ind2=" " tag="500"><subfield code="a">Published in Rhyolite, Nev. &lt;June 9, 1905&gt;-</subfield></datafield><datafield ind1=" " ind2=" " tag="500"><subfield code="a">Published by: F.P. Mannix, &lt;June 9, 1905&gt;-</subfield></datafield><datafield ind1=" " ind2=" " tag="515"><subfield code="a">Jan. 12, 1906 issue misdated Jan. 12, 1905.</subfield></datafield><datafield ind1=" " ind2="0" tag="651"><subfield code="a">Bullfrog (Nev.)</subfield><subfield code="v">Newspapers.</subfield></datafield><datafield ind1=" " ind2=" " tag="752"><subfield code="a">United States</subfield><subfield code="b">Nevada</subfield><subfield code="c">Nye</subfield><subfield code="d">Bullfrog.</subfield></datafield><datafield ind1=" " ind2=" " tag="752"><subfield code="a">United States</subfield><subfield code="b">Nevada</subfield><subfield code="c">Nye</subfield><subfield code="d">Rhyolite.</subfield></datafield><datafield ind1="0" ind2="4" tag="785"><subfield code="t">Rhyolite herald</subfield><subfield code="w">(DLC)sn 86091359</subfield><subfield code="w">(OCoLC)13485796</subfield></datafield><datafield ind1="1" ind2=" " tag="029"><subfield code="a">AU@</subfield><subfield code="b">000025798270</subfield></datafield></record>